@article{thomas2010gene,
	title={Gene--environment-wide association studies: emerging approaches},
	author={Thomas, Duncan},
	journal={Nature Reviews Genetics},
	volume={11},
	number={4},
	pages={259--272},
	year={2010},
	publisher={Nature Publishing Group}
}

@article{he2017set,
	title={Set-based tests for the gene--environment interaction in longitudinal studies},
	author={He, Zihuai and Zhang, Min and Lee, Seunggeun and Smith, Jennifer A and Kardia, Sharon LR and Roux, V Diez and Mukherjee, Bhramar},
	journal={Journal of the American Statistical Association},
	volume={112},
	number={519},
	pages={966--978},
	year={2017},
	publisher={Taylor \& Francis}
}


@article{tchetgen2011robustness,
	title={On the robustness of tests of genetic associations incorporating gene-environment interaction when the environmental exposure is mis-specified},
	author={Tchetgen, Eric J Tchetgen and Kraft, Peter},
	journal={Epidemiology (Cambridge, Mass.)},
	volume={22},
	number={2},
	pages={257},
	year={2011},
	publisher={NIH Public Access}
}

@article{boonstra2016tests,
	title={Tests for gene-environment interactions and joint effects with exposure misclassification},
	author={Boonstra, Philip S and Mukherjee, Bhramar and Gruber, Stephen B and Ahn, Jaeil and Schmit, Stephanie L and Chatterjee, Nilanjan},
	journal={American journal of epidemiology},
	volume={183},
	number={3},
	pages={237--247},
	year={2016},
	publisher={Oxford University Press}
}



@article{kooperberg2008increasing,
	title={Increasing the power of identifying gene$\times$ gene interactions in genome-wide association studies},
	author={Kooperberg, Charles and LeBlanc, Michael},
	journal={Genetic Epidemiology: The Official Publication of the International Genetic Epidemiology Society},
	volume={32},
	number={3},
	pages={255--263},
	year={2008},
	publisher={Wiley Online Library}
}




@article{jiao2013sberia,
	title={SBERIA: set-based gene-environment interaction test for rare and common variants in complex diseases},
	author={Jiao, Shuo and Hsu, Li and B{\'e}zieau, St{\'e}phane and Brenner, Hermann and Chan, Andrew T and Chang-Claude, Jenny and Le Marchand, Loic and Lemire, Mathieu and Newcomb, Polly A and Slattery, Martha L and others},
	journal={Genetic epidemiology},
	volume={37},
	number={5},
	pages={452--464},
	year={2013},
	publisher={Wiley Online Library}
}

@article{wang2015powerful,
	title={Powerful Tukey's One Degree-of-Freedom Test for Detecting Gene-Gene and Gene-Environment Interactions},
	author={Wang, Yaping and Li, Donghui and Wei, Peng},
	journal={Cancer informatics},
	volume={14},
	pages={CIN--S17305},
	year={2015},
	publisher={SAGE Publications Sage UK: London, England}
}


@article{basu2011comparison,
	title={Comparison of statistical tests for disease association with rare variants},
	author={Basu, Saonli and Pan, Wei},
	journal={Genetic epidemiology},
	volume={35},
	number={7},
	pages={606--619},
	year={2011},
	publisher={Wiley Online Library}
}



@article{cornelis2012gene,
	title={Gene-environment interactions in genome-wide association studies: a comparative study of tests applied to empirical studies of type 2 diabetes},
	author={Cornelis, Marilyn C and Tchetgen Tchetgen, Eric J and Liang, Liming and Qi, Lu and Chatterjee, Nilanjan and Hu, Frank B and Kraft, Peter},
	journal={American journal of epidemiology},
	volume={175},
	number={3},
	pages={191--202},
	year={2012},
	publisher={Oxford University Press}
}

@article{wu2011rare,
	title={Rare-variant association testing for sequencing data with the sequence kernel association test},
	author={Wu, Michael C and Lee, Seunggeun and Cai, Tianxi and Li, Yun and Boehnke, Michael and Lin, Xihong},
	journal={The American Journal of Human Genetics},
	volume={89},
	number={1},
	pages={82--93},
	year={2011},
	publisher={Elsevier}
}

@article{lee2012optimal,
	title={Optimal unified approach for rare-variant association testing with application to small-sample case-control whole-exome sequencing studies},
	author={Lee, Seunggeun and Emond, Mary J and Bamshad, Michael J and Barnes, Kathleen C and Rieder, Mark J and Nickerson, Deborah A and Team, ESP Lung Project and Christiani, David C and Wurfel, Mark M and Lin, Xihong and others},
	journal={The American Journal of Human Genetics},
	volume={91},
	number={2},
	pages={224--237},
	year={2012},
	publisher={Elsevier}
}


@article{lin2013test,
	title={Test for interactions between a genetic marker set and environment in generalized linear models},
	author={Lin, Xinyi and Lee, Seunggeun and Christiani, David C and Lin, Xihong},
	journal={Biostatistics},
	volume={14},
	number={4},
	pages={667--681},
	year={2013},
	publisher={Oxford University Press}
}

@article{lin2016test,
	title={Test for rare variants by environment interactions in sequencing association studies},
	author={Lin, Xinyi and Lee, Seunggeun and Wu, Michael C and Wang, Chaolong and Chen, Han and Li, Zilin and Lin, Xihong},
	journal={Biometrics},
	volume={72},
	number={1},
	pages={156--164},
	year={2016},
	publisher={Wiley Online Library}
}






@article{pare2010use,
	title={On the use of variance per genotype as a tool to identify quantitative trait interaction effects: a report from the Women's Genome Health Study},
	author={Par{\'e}, Guillaume and Cook, Nancy R and Ridker, Paul M and Chasman, Daniel I},
	journal={PLoS genetics},
	volume={6},
	number={6},
	year={2010},
	publisher={Public Library of Science}
}




@article{cao2014versatile,
	title={A versatile omnibus test for detecting mean and variance heterogeneity},
	author={Cao, Ying and Wei, Peng and Bailey, Matthew and Kauwe, John SK and Maxwell, Taylor J and Alzheimer's Disease Neuroimaging Initiative},
	journal={Genetic epidemiology},
	volume={38},
	number={1},
	pages={51--59},
	year={2014},
	publisher={Wiley Online Library}
}


@article{zhang2019beyond,
	title={Beyond the traditional simulation design for evaluating type 1 error control: From the “theoretical” null to “empirical” null},
	author={Zhang, Ting and Sun, Lei},
	journal={Genetic epidemiology},
	volume={43},
	number={2},
	pages={166--179},
	year={2019},
	publisher={Wiley Online Library}
}


@article{anderson2001permutation,
	title={Permutation tests for univariate or multivariate analysis of variance and regression},
	author={Anderson, Marti J},
	journal={Canadian journal of fisheries and aquatic sciences},
	volume={58},
	number={3},
	pages={626--639},
	year={2001},
	publisher={NRC Research Press}
}





@article{gauderman2017update,
	title={Update on the state of the science for analytical methods for gene-environment interactions},
	author={Gauderman, W James and Mukherjee, Bhramar and Aschard, Hugues and Hsu, Li and Lewinger, Juan Pablo and Patel, Chirag J and Witte, John S and Amos, Christopher and Tai, Caroline G and Conti, David and others},
	journal={American journal of epidemiology},
	volume={186},
	number={7},
	pages={762--770},
	year={2017},
	publisher={Oxford University Press}
}

@article{loh1987some,
	title={Some modifications of Levene's test of variance homogeneity},
	author={Loh, Wei-yin},
	journal={Journal of Statistical Computation and Simulation},
	volume={28},
	number={3},
	pages={213--226},
	year={1987},
	publisher={Taylor \& Francis}
}



@article{cordell2009detecting,
	title={Detecting gene--gene interactions that underlie human diseases},
	author={Cordell, Heather J},
	journal={Nature Reviews Genetics},
	volume={10},
	number={6},
	pages={392--404},
	year={2009},
	publisher={Nature Publishing Group}
}